<record xmlns="http://www.loc.gov/MARC21/slim">
   <leader>01326cam a2200325 a 4500</leader>
   <controlfield tag="001">1396699</controlfield>
   <controlfield tag="008">910822s1985    cau               0 eng c</controlfield>
   <datafield ind1=" " ind2=" " tag="035">
      <subfield code="a">ocm13494252</subfield>
   </datafield>
   <datafield ind1=" " ind2=" " tag="040">
      <subfield code="b">eng</subfield>
   </datafield>
   <datafield ind1=" " ind2=" " tag="049">
      <subfield code="a">AEU</subfield>
      <subfield code="b">eng</subfield>
   </datafield>
   <datafield ind1=" " ind2="3" tag="055">
      <subfield code="a">PS 3511 A92</subfield>
      <subfield code="b">H8393 M135 1985</subfield>
   </datafield>
   <datafield ind1="0" ind2=" " tag="090">
      <subfield code="a">PS 3511 A92 H8393 M135 1985</subfield>
   </datafield>
   <datafield ind1="1" ind2=" " tag="100">
      <subfield code="a">Macdonald, Ross,</subfield>
      <subfield code="d">1915-1983.</subfield>
   </datafield>
   <datafield ind1="1" ind2="4" tag="245">
      <subfield code="a">The Faulkner investigation /</subfield>
      <subfield code="c">Ross Macdonald, Eudora Welty.</subfield>
   </datafield>
   <datafield ind1=" " ind2=" " tag="260">
      <subfield code="a">Santa Barbara :</subfield>
      <subfield code="b">Cordelia Editions,</subfield>
      <subfield code="c">1985.</subfield>
   </datafield>
   <datafield ind1=" " ind2=" " tag="300">
      <subfield code="a">[15] p. ;</subfield>
      <subfield code="c">20 cm.</subfield>
   </datafield>
   <datafield ind1=" " ind2=" " tag="336">
      <subfield code="a">text</subfield>
      <subfield code="b">txt</subfield>
      <subfield code="2">rdacontent</subfield>
   </datafield>
   <datafield ind1=" " ind2=" " tag="337">
      <subfield code="a">unmediated</subfield>
      <subfield code="b">n</subfield>
      <subfield code="2">rdamedia</subfield>
   </datafield>
   <datafield ind1=" " ind2=" " tag="338">
      <subfield code="a">volume</subfield>
      <subfield code="b">nc</subfield>
      <subfield code="2">rdacarrier</subfield>
   </datafield>
   <datafield ind1=" " ind2=" " tag="500">
      <subfield code="a">Cover title.</subfield>
   </datafield>
   <datafield ind1=" " ind2=" " tag="500">
      <subfield code="a">Introd. by Ralph B. Sipper.</subfield>
   </datafield>
   <datafield ind1=" " ind2=" " tag="500">
      <subfield code="a">"One of an edition of 500 copies, designed and printed by Graham Mackintosh."</subfield>
   </datafield>
   <datafield ind1="0" ind2=" " tag="505">
      <subfield code="a">William Faulkner's The hound / by Ross Macdonald -- William Faulkner's Intruder in the dust / by Eudora Welty.</subfield>
   </datafield>
   <datafield ind1=" " ind2=" " tag="590">
      <subfield code="a">University of Alberta copy in the Schloss collection of modern literature.</subfield>
      <subfield code="5">CaAEU</subfield>
   </datafield>
   <datafield ind1=" " ind2=" " tag="596">
      <subfield code="a">50</subfield>
   </datafield>
   <datafield ind1="1" ind2="0" tag="600">
      <subfield code="a">Faulkner, William,</subfield>
      <subfield code="d">1897-1962.</subfield>
      <subfield code="t">Hound.</subfield>
   </datafield>
   <datafield ind1="1" ind2="0" tag="600">
      <subfield code="a">Faulkner, William,</subfield>
      <subfield code="d">1897-1962.</subfield>
      <subfield code="t">Intruder in the dust.</subfield>
   </datafield>
   <datafield ind1="1" ind2=" " tag="700">
      <subfield code="a">Welty, Eudora,</subfield>
      <subfield code="d">1909-2001.</subfield>
   </datafield>
   <datafield ind1="1" ind2=" " tag="700">
      <subfield code="a">Sipper, Ralph B.</subfield>
   </datafield>
   <datafield ind1=" " ind2=" " tag="926">
      <subfield code="a">PS 3511 A92 H8393 M135 1985</subfield>
      <subfield code="w">LC</subfield>
      <subfield code="c">1</subfield>
      <subfield code="i">000037452968</subfield>
      <subfield code="l">SPECIALCOL</subfield>
      <subfield code="m">UASPCOLL</subfield>
      <subfield code="p">$150.00</subfield>
      <subfield code="r">Y</subfield>
      <subfield code="s">Y</subfield>
      <subfield code="t">NO_LOAN</subfield>
      <subfield code="u">8/28/1991</subfield>
   </datafield>
</record>
